@book{anselmi,
Author = {Damiano Anselmi},
Title = {Renormalization},
Publisher = {},
Year = {2019},
ISBN = {1099050677}
}